<?xml version="1.0" encoding="UTF-8"?><collection xmlns="http://www.loc.gov/MARC21/slim"><record><leader>00591nam--2200181-i-4500</leader><controlfield tag="001">000039738</controlfield><controlfield tag="002">20161230</controlfield><controlfield tag="005">20170115232227</controlfield><controlfield tag="008">060222s1000------------r-----000-0-eng-d</controlfield><datafield ind1=" " ind2=" " tag="040"><subfield code="a">IFIN-HH</subfield></datafield><datafield ind1=" " ind2=" " tag="080"><subfield code="a">535.37</subfield></datafield><datafield ind1="1" ind2=" " tag="100"><subfield code="a">Fonda, Gorton R</subfield></datafield><datafield ind1="1" ind2="0" tag="245"><subfield code="a">Preparation and characteristics of solid luminescent materials</subfield><subfield code="b">Symposium held at Cornell University October 24-26, 1946</subfield><subfield code="c">Gorton R. Fonda; Frederick Seitz (eds.)</subfield></datafield><datafield ind1=" " ind2=" " tag="260"><subfield code="a">New York</subfield><subfield code="b">John Wiley &amp; Sons, Inc</subfield><subfield code="c">1948</subfield></datafield><datafield ind1=" " ind2=" " tag="300"><subfield code="a">XV + 459 p</subfield></datafield><datafield ind1="1" ind2=" " tag="700"><subfield code="a">Seitz, Frederick</subfield><subfield code="e">Ed</subfield></datafield><datafield ind1=" " ind2=" " tag="852"><subfield code="a">684</subfield><subfield code="c">535.37</subfield></datafield><datafield ind1=" " ind2=" " tag="CAT"><subfield code="a">SYS</subfield><subfield code="c">20170115</subfield><subfield code="h">232227</subfield></datafield></record></collection>